%% LaTeX2e file `references.bib'
%% generated by the `filecontents' environment
%% from source `tutorial-tipsi' on 2016/07/12.
%%
@misc{dnabr,
title = {DNA baserolling: A Friday afternoon project},
author = {Jocelyne Vreede and David W. H. Swenson},
year = {2013}
}
@misc{tipsi,
title = {Transition Interface/Path Sampling Identifier},
author = {Tsjerk A. Wassenaar},
institution = {University of Amsterdam},
year = {2014}
}
@misc{gromacs,
title = {GROMACS User Manual version 4.5.4},
author = {M.J. Abraham and D. van der Spoel and E. Lindahl and B. Hess},
year = {2010}
}
@article{nikolova2011transient,
  title={Transient Hoogsteen base pairs in canonical duplex DNA},
  author={Nikolova, Evgenia N and Kim, Eunae and Wise, Abigail A and Oâ€™Brien, Patrick J and Andricioaei, Ioan and Al-Hashimi, Hashim M},
  journal={Nature},
  volume={470},
  number={7335},
  pages={498--502},
  year={2011},
  publisher={Nature Publishing Group}
}
@MISC{alaninerep,
    author = {{CP2K: Open Source Molecular Dynamics}},
    title = {Ramachandran plot for Alanine Dipeptide},
    year = {2014},
    note = {[Online; accessed July 8, 2016]},
    url = {https://www.cp2k.org/exercises:2014_ethz_mmm:alanine_dipeptide}
}
